@article{capsgan,
  author    = {Raeid Saqur and
               Sal Vivona},
  title     = {CapsGAN: Using Dynamic Routing for Generative Adversarial Networks},
  journal   = {CoRR},
  volume    = {abs/1806.03968},
  year      = {2018},
  url       = {http://arxiv.org/abs/1806.03968},
  archivePrefix = {arXiv},
  eprint    = {1806.03968},
  timestamp = {Mon, 13 Aug 2018 16:46:25 +0200},
  biburl    = {https://dblp.org/rec/journals/corr/abs-1806-03968.bib},
  bibsource = {dblp computer science bibliography, https://dblp.org}
}
@article{capsule_synthesis,
  author    = {Yash Upadhyay and
               Paul Schrater},
  title     = {Generative Adversarial Network Architectures For Image Synthesis Using
               Capsule Networks},
  journal   = {CoRR},
  volume    = {abs/1806.03796},
  year      = {2018},
  url       = {http://arxiv.org/abs/1806.03796},
  archivePrefix = {arXiv},
  eprint    = {1806.03796},
  timestamp = {Mon, 13 Aug 2018 16:48:17 +0200},
  biburl    = {https://dblp.org/rec/journals/corr/abs-1806-03796.bib},
  bibsource = {dblp computer science bibliography, https://dblp.org}
}
@article{dcgan,
  author    = {Alec Radford and Luke Metz and Soumith Chintala},
  title     = {Unsupervised Representation Learning with Deep Convolutional 
  Generative Adversarial Networks},
  journal   = {ICLR},
  year      = {2016},
  url       = {https://arxiv.org/abs/1511.06434},
  archivePrefix = {arXiv}
}
@article{deep_colorization,
  author    = {He, Mingming and Chen, Dongdong and Liao, Jing and Sander, Pedro V. and Yuan, Lu},
  title     = {Deep Exemplar-Based Colorization},
  year      = {2018},
  issue_date = {August 2018},
  publisher = {Association for Computing Machinery},
  address   = {New York, NY, USA},
  volume    = {37},
  number    = {4},
  issn      = {0730-0301},
  url       = {https://doi.org/10.1145/3197517.3201365},
  doi       = {10.1145/3197517.3201365},
  journal   = {ACM Trans. Graph.},
  month     = jul,
  articleno = {Article 47},
  numpages  = {16},
  keywords  = {deep learning, colorization, vision for graphics, exemplar-based colorization}
}
@article{deep_scattering,
  author    = {Kallweit, Simon and M\"{u}ller, Thomas and Mcwilliams, Brian and Gross, Markus and Nov\'{a}k, Jan},
  title     = {Deep Scattering: Rendering Atmospheric Clouds with Radiance-Predicting Neural Networks},
  year      = {2017},
  issue_date = {November 2017},
  publisher = {Association for Computing Machinery},
  address   = {New York, NY, USA},
  volume    = {36},
  number    = {6},
  issn      = {0730-0301},
  url       = {https://doi.org/10.1145/3130800.3130880},
  doi       = {10.1145/3130800.3130880},
  journal   = {ACM Trans. Graph.},
  month     = nov,
  articleno = {Article 231},
  numpages  = {11},
  keywords  = {deep learning, clouds, participating media, machine learning, Monte Carlo rendering, phase functions}
}
@article{deep_video,
  title     = {Deep Video Portraits},
  author    = {Kim, Hyeongwoo and Garrido, Pablo and Tewari, Ayush and Xu, Weipeng and Thies, Justus and 
               Nie{\ss}ner, Matthias and P{\'e}rez, Patrick and Richardt, Christian and Zoll{\"o}fer, Michael and Theobalt, Christian},
  journal   = {ACM Transactions on Graphics (TOG)},
  volume    = {37},
  number    = {4},
  pages     = {163},
  year      = {2018}
}
@article{generative_transformers,
  author    = {Rewon Child and
               Scott Gray and
               Alec Radford and
               Ilya Sutskever},
  title     = {Generating Long Sequences with Sparse Transformers},
  journal   = {CoRR},
  volume    = {abs/1904.10509},
  year      = {2019},
  url       = {http://arxiv.org/abs/1904.10509},
  archivePrefix = {arXiv},
  eprint    = {1904.10509},
  timestamp = {Thu, 02 May 2019 15:13:44 +0200},
  biburl    = {https://dblp.org/rec/bib/journals/corr/abs-1904-10509},
  bibsource = {dblp computer science bibliography, https://dblp.org}
}
@article{image_to_image,
  title     = {Image-to-Image Translation with Conditional Adversarial Networks},
  author    = {Phillip Isola and Jun-Yan Zhu and Tinghui Zhou and Alexei A. Efros},
  journal   = {2017 IEEE Conference on Computer Vision and Pattern Recognition (CVPR)},
  year      = {2016},
  pages     = {5967-5976}
}
@article{markovian,
  author    = {Chuan Li and
               Michael Wand},
  title     = {Precomputed Real-Time Texture Synthesis with Markovian Generative
               Adversarial Networks},
  journal   = {CoRR},
  volume    = {abs/1604.04382},
  year      = {2016},
  url       = {http://arxiv.org/abs/1604.04382},
  archivePrefix = {arXiv},
  eprint    = {1604.04382},
  timestamp = {Wed, 16 Oct 2019 17:21:01 +0200},
  biburl    = {https://dblp.org/rec/journals/corr/LiW16b.bib},
  bibsource = {dblp computer science bibliography, https://dblp.org}
}
@article{monte_carlo,
  title     = {Sample-based Monte Carlo Denoising Using a Kernel-splatting Network},
  author    = {Gharbi, Micha\"{e}l and Li, Tzu-Mao and Aittala, Miika and Lehtinen, Jaakko and Durand, Fr{\'e}do},
  journal   = {ACM Trans. Graph.},
  volume    = {38},
  number    = {4},
  pages     = {125:1--125:12},
  year      = {2019},
  publisher = {ACM},
}
@article{multiplane,
  author    = {Zhou, Tinghui and Tucker, Richard and Flynn, John and Fyffe, Graham and Snavely, Noah},
  title     = {Stereo Magnification: Learning View Synthesis Using Multiplane Images},
  year      = {2018},
  issue_date = {August 2018},
  publisher = {Association for Computing Machinery},
  address   = {New York, NY, USA},
  volume    = {37},
  number    = {4},
  issn      = {0730-0301},
  url       = {https://doi.org/10.1145/3197517.3201323},
  doi       = {10.1145/3197517.3201323},
  journal   = {ACM Trans. Graph.},
  month     = jul,
  articleno = {Article 65},
  numpages  = {12},
  keywords  = {view extrapolation, deep learning}
}
@article{multiscale_video,
  title     = {Deep multi-scale video prediction beyond mean square error},
  author    = {Michael Mathieu and Camille Couprie and Yann LeCun},
  journal   = {CoRR},
  year      = {2015},
  volume    = {abs/1511.05440}
}
@article{path_tracing,
  author    = {Koskela, Matias and Immonen, Kalle and M\"{a}kitalo, Markku and Foi, Alessandro and Viitanen, Timo and J\"{a}\"{a}skel\"{a}inen, Pekka and Kultala, Heikki and Takala, Jarmo},
  title     = {Blockwise Multi-Order Feature Regression for Real-Time Path-Tracing Reconstruction},
  year      = {2019},
  issue_date = {November 2019},
  publisher = {Association for Computing Machinery},
  address   = {New York, NY, USA},
  volume    = {38},
  number    = {5},
  issn      = {0730-0301},
  url       = {https://doi.org/10.1145/3269978},
  doi       = {10.1145/3269978},
  journal   = {ACM Trans. Graph.},
  month     = jun,
  articleno = {Article 138},
  numpages  = {14},
  keywords  = {real-time, reconstruction, regression, Path tracing}
}
@article{pixelcnn++,
  author    = {Tim Salimans and
               Andrej Karpathy and
               Xi Chen and
               Diederik P. Kingma},
  title     = {PixelCNN++: Improving the PixelCNN with Discretized Logistic Mixture Likelihood and Other Modifications},
  journal   = {CoRR},
  volume    = {abs/1701.05517},
  year      = {2017},
  url       = {http://arxiv.org/abs/1701.05517},
  archivePrefix = {arXiv},
  eprint    = {1701.05517},
  timestamp = {Sun, 16 Sep 2018 14:17:04 +0200},
  biburl    = {https://dblp.org/rec/bib/journals/corr/SalimansKCK17},
  bibsource = {dblp computer science bibliography, https://dblp.org}
}
@article{posecnn,
  author    = {Yu Xiang and
               Tanner Schmidt and
               Venkatraman Narayanan and
               Dieter Fox},
  title     = {PoseCNN: {A} Convolutional Neural Network for 6D Object Pose Estimation
               in Cluttered Scenes},
  journal   = {CoRR},
  volume    = {abs/1711.00199},
  year      = {2017},
  url       = {http://arxiv.org/abs/1711.00199},
  archivePrefix = {arXiv},
  eprint    = {1711.00199},
  timestamp = {Mon, 13 Aug 2018 16:48:59 +0200},
  biburl    = {https://dblp.org/rec/journals/corr/abs-1711-00199.bib},
  bibsource = {dblp computer science bibliography, https://dblp.org}
}
@article{sparse_transformers,
  author    = {Rewon Child and
               Scott Gray and
               Alec Radford and
               Ilya Sutskever},
  title     = {Generating Long Sequences with Sparse Transformers},
  journal   = {CoRR},
  volume    = {abs/1904.10509},
  year      = {2019},
  url       = {http://arxiv.org/abs/1904.10509},
  archivePrefix = {arXiv},
  eprint    = {1904.10509},
  timestamp = {Thu, 02 May 2019 15:13:44 +0200},
  biburl    = {https://dblp.org/rec/journals/corr/abs-1904-10509.bib},
  bibsource = {dblp computer science bibliography, https://dblp.org}
}
@article{subscale_pixel,
  author    = {Jacob Menick and
               Nal Kalchbrenner},
  title     = {Generating High Fidelity Images with Subscale Pixel Networks and Multidimensional
               Upscaling},
  journal   = {CoRR},
  volume    = {abs/1812.01608},
  year      = {2018},
  url       = {http://arxiv.org/abs/1812.01608},
  archivePrefix = {arXiv},
  eprint    = {1812.01608},
  timestamp = {Tue, 01 Jan 2019 15:01:25 +0100},
  biburl    = {https://dblp.org/rec/journals/corr/abs-1812-01608.bib},
  bibsource = {dblp computer science bibliography, https://dblp.org}
}
@article{texture_synthesis,
  author    = {Zhou, Yang and Zhu, Zhen and Bai, Xiang and Lischinski, Dani and Cohen-Or, Daniel and Huang, Hui},
  title     = {Non-Stationary Texture Synthesis by Adversarial Expansion},
  year      = {2018},
  issue_date = {August 2018},
  publisher = {Association for Computing Machinery},
  address   = {New York, NY, USA},
  volume    = {37},
  number    = {4},
  issn      = {0730-0301},
  url       = {https://doi.org/10.1145/3197517.3201285},
  doi       = {10.1145/3197517.3201285},
  journal   = {ACM Trans. Graph.},
  month     = jul,
  articleno = {Article 49},
  numpages  = {13},
  keywords  = {example-based texture synthesis, generative adversarial networks, non-stationary textures}
}

@incollection{attention_need,
  title     = {Attention is All you Need},
  author    = {Vaswani, Ashish and Shazeer, Noam and Parmar, Niki and Uszkoreit, Jakob and Jones, Llion and Gomez, Aidan N and Kaiser, \L ukasz and Polosukhin, Illia},
  booktitle = {Advances in Neural Information Processing Systems 30},
  editor    = {I. Guyon and U. V. Luxburg and S. Bengio and H. Wallach and R. Fergus and S. Vishwanathan and R. Garnett},
  pages     = {5998--6008},
  year      = {2017},
  publisher = {Curran Associates, Inc.},
  url       = {http://papers.nips.cc/paper/7181-attention-is-all-you-need.pdf}
}
@incollection{inverse_graphics_net,
  title     = {Deep Convolutional Inverse Graphics Network},
  author    = {Kulkarni, Tejas D and Whitney, William F. and Kohli, Pushmeet and Tenenbaum, Josh},
  booktitle = {Advances in Neural Information Processing Systems 28},
  editor    = {C. Cortes and N. D. Lawrence and D. D. Lee and M. Sugiyama and R. Garnett},
  pages     = {2539--2547},
  year      = {2015},
  publisher = {Curran Associates, Inc.},
  url       = {http://papers.nips.cc/paper/5851-deep-convolutional-inverse-graphics-network.pdf}
}
@incollection{leica,
  title     = {Learn, Imagine and Create: Text-to-Image Generation from Prior Knowledge},
  author    = {Qiao, Tingting and Zhang, Jing and Xu, Duanqing and Tao, Dacheng},
  booktitle = {Advances in Neural Information Processing Systems 32},
  editor    = {H. Wallach and H. Larochelle and A. Beygelzimer and F. Alche-Buc and E. Fox and R. Garnett},
  pages     = {887--897},
  year      = {2019},
  publisher = {Curran Associates, Inc.},
  url       = {http://papers.nips.cc/paper/8375-learn-imagine-and-create-to-image-generation-from-prior-knowledge.pdf}
}

@inproceedings{3D_capsule_networks,
  author    = {Zhao, Yongheng and Birdal, Tolga and Deng, Haowen and Tombari, Federico},
  title     = {3D Point Capsule Networks},
  booktitle = {The IEEE Conference on Computer Vision and Pattern Recognition (CVPR)},
  month     = {June},
  year      = {2019}
}
@inproceedings{attngan,
  author= {T. {Xu} and P. {Zhang} and Q. {Huang} and H. {Zhang} and Z. {Gan} and X. {Huang} and X. {He}},
  booktitle= {2018 IEEE/CVF Conference on Computer Vision and Pattern Recognition},
  title= {AttnGAN: Fine-Grained Text to Image Generation with Attentional Generative Adversarial Networks},
  year= {2018},
  volume= {},
  number= {},
  pages= {1316-1324},
  keywords= {image matching;natural language processing;text analysis;AttnGAN;deep attentional multimodal similarity model;Attentional Generative Adversarial networks;Attentional Generative Adversarial Network;text-to-image generation;CUB dataset;COCO dataset;natural language description;Gallium nitride;Generative adversarial networks;Computational modeling;Image generation;Generators;Semantics;Visualization},
  doi= {10.1109/CVPR.2018.00143},
  ISSN= {1063-6919},
  month= {June},
}
@inproceedings{capsule_gan,
  author    = {Jaiswal, Ayush and AbdAlmageed, Wael and Wu, Yue and Natarajan, Premkumar},
  title     = {CapsuleGAN: Generative Adversarial Capsule Network},
  booktitle = {The European Conference on Computer Vision (ECCV) Workshops},
  month     = {September},
  year      = {2018}
}
@inproceedings{conditional_image_generation,
  author    = {Oord, A\"{a}ron van den and Kalchbrenner, Nal and Vinyals, Oriol and Espeholt, Lasse and Graves, Alex and Kavukcuoglu, Koray},
  title     = {Conditional Image Generation with PixelCNN Decoders},
  booktitle = {Proceedings of the 30th International Conference on Neural Information Processing Systems},
  series    = {NIPS'16},
  year      = {2016},
  isbn      = {978-1-5108-3881-9},
  location  = {Barcelona, Spain},
  pages     = {4797--4805},
  numpages  = {9},
  url       = {http://dl.acm.org/citation.cfm?id=3157382.3157633},
  acmid     = {3157633},
  publisher = {Curran Associates Inc.},
  address   = {USA},
}
@inproceedings{dynamic_routing,
  author    = {Sabour, Sara and Frosst, Nicholas and Hinton, Geoffrey E.},
  title     = {Dynamic Routing between Capsules},
  year      = {2017},
  isbn      = {9781510860964},
  publisher = {Curran Associates Inc.},
  address   = {Red Hook, NY, USA},
  booktitle = {Proceedings of the 31st International Conference on Neural Information Processing Systems},
  pages     = {3859–3869},
  numpages  = {11},
  location  = {Long Beach, California, USA},
  series    = {NIPS’17}
}
@inproceedings{fewer_labels,
  title     = {High-Fidelity Image Generation With Fewer Labels},
  author    = {Lu{\v{c}}i{\'c}, Mario and Tschannen, Michael and Ritter, Marvin and Zhai, Xiaohua and Bachem, Olivier and Gelly, Sylvain},
  booktitle = {Proceedings of the 36th International Conference on Machine Learning},
  pages     = {4183--4192},
  year      = {2019},
  editor    = {Chaudhuri, Kamalika and Salakhutdinov, Ruslan},
  volume    = {97},
  series    = {Proceedings of Machine Learning Research},
  address   = {Long Beach, California, USA},
  month     = {09--15 Jun},
  publisher = {PMLR},
  pdf       = {http://proceedings.mlr.press/v97/lucic19a/lucic19a.pdf},
  url       = {http://proceedings.mlr.press/v97/lucic19a.html}
}
@inproceedings{frame_prediction,
  title     = {Geometry-based next frame prediction from monocular video},
  author    = {Mahjourian, Reza and Wicke, Martin and Angelova, Anelia},
  booktitle = {Intelligent Vehicles Symposium (IV), 2017 IEEE},
  pages     = {1700--1707},
  year      = {2017},
  organization = {IEEE}
}
@inproceedings{generative_adversarial_networks,
  author    = {Goodfellow, Ian J. and Pouget-Abadie, Jean and Mirza, Mehdi and Xu, Bing and Warde-Farley, David and Ozair, Sherjil and Courville, Aaron and Bengio, Yoshua},
  title     = {Generative Adversarial Nets},
  year      = {2014},
  publisher = {MIT Press},
  address   = {Cambridge, MA, USA},
  booktitle = {Proceedings of the 27th International Conference on Neural Information Processing Systems - Volume 2},
  pages     = {2672–2680},
  numpages  = {9},
  location  = {Montreal, Canada},
  series    = {NIPS’14}
}
@inproceedings{image_transformer,
  title     = {Image Transformer},
  author    = {Niki Parmar and Ashish Vaswani and Jakob Uszkoreit and Lukasz Kaiser and Noam Shazeer and Alexander Ku and Dustin Tran},
  booktitle = {ICML},
  year      = {2018}
}
@inproceedings{multi_view,
  author    = {Zhao, Bo and Wu, Xiao and Cheng, Zhi-Qi and Liu, Hao and Jie, Zequn and Feng, Jiashi},
  title     = {Multi-View Image Generation from a Single-View},
  year      = {2018},
isbn        = {9781450356657},
  publisher = {Association for Computing Machinery},
  address   = {New York, NY, USA},
  url       = {https://doi.org/10.1145/3240508.3240536},
  doi       = {10.1145/3240508.3240536},
  booktitle = {Proceedings of the 26th ACM International Conference on Multimedia},
  pages     = {383–391},
  numpages  = {9},
  keywords  = {image generation, deep learning, generative adversarial networks},
  location  = {Seoul, Republic of Korea},
  series    = {MM ’18}
}
@inproceedings{parallel_multiscale,
  author    = {Reed, Scott and van den Oord, A\"{a}ron and Kalchbrenner, Nal and Colmenarejo, Sergio G\'{o}mez and Wang, Ziyu and Chen, Yutian and Belov, Dan and de Freitas, Nando},
  title     = {Parallel Multiscale Autoregressive Density Estimation},
  year      = {2017},
  publisher = {JMLR.org},
  booktitle = {Proceedings of the 34th International Conference on Machine Learning - Volume 70},
  pages     = {2912–2921},
  numpages  = {10},
  location  = {Sydney, NSW, Australia},
  series    = {ICML’17}
}
@inproceedings{pose_guided_image_generation,
  author    = {Ma, Liqian and Jia, Xu and Sun, Qianru and Schiele, Bernt and Tuytelaars, Tinne and Van Gool, Luc},
  title     = {Pose Guided Person Image Generation},
  booktitle = {Proceedings of the 31st International Conference on Neural Information Processing Systems},
  series    = {NIPS'17},
  year      = {2017},
  isbn      = {978-1-5108-6096-4},
  location  = {Long Beach, California, USA},
  pages     = {405--415},
  numpages  = {11},
  url       = {http://dl.acm.org/citation.cfm?id=3294771.3294810},
  acmid     = {3294810},
  publisher = {Curran Associates Inc.},
  address   = {USA},
}
@inproceedings{spatiotemporal,
  author    = {Schied, Christoph and Kaplanyan, Anton and Wyman, Chris and Patney, Anjul and Chaitanya, Chakravarty R. Alla and Burgess, John and Liu, Shiqiu and Dachsbacher, Carsten and Lefohn, Aaron and Salvi, Marco},
  title     = {Spatiotemporal Variance-guided Filtering: Real-time Reconstruction for Path-traced Global Illumination},
  booktitle = {Proceedings of High Performance Graphics},
  series    = {HPG '17},
  year      = {2017},
  isbn      = {978-1-4503-5101-0},
  location  = {Los Angeles, California},
  pages     = {2:1--2:12},
  articleno = {2},
  numpages  = {12},
  url       = {http://doi.acm.org/10.1145/3105762.3105770},
  doi       = {10.1145/3105762.3105770},
  acmid     = {3105770},
  publisher = {ACM},
  address   = {New York, NY, USA},
  keywords  = {global illumination, real-time rendering, reconstruction},
}
@inproceedings{srgan,
  author    = {Ledig, Christian and Theis, Lucas and Huszar, Ferenc and Caballero, Jose and Cunningham, Andrew and Acosta, Alejandro and Aitken, Andrew and Tejani, Alykhan and Totz, Johannes and Wang, Zehan and Shi, Wenzhe},
  journal   = {CVPR},
  year      = {2017},
  month     = {07},
  pages     = {105-114},
  title     = {Photo-Realistic Single Image Super-Resolution Using a Generative Adversarial Network},
  doi       = {10.1109/CVPR.2017.19}
}
@inproceedings{transforming_auto_encoders,
  author    = {Hinton, Geoffrey E. and Krizhevsky, Alex and Wang, Sida D.},
  title     = {Transforming Auto-encoders},
  booktitle = {Proceedings of the 21th International Conference on Artificial Neural Networks - Volume Part I},
  series    = {ICANN'11},
  year      = {2011},
  isbn      = {978-3-642-21734-0},
  location  = {Espoo, Finland},
  pages     = {44--51},
  numpages  = {8},
  url       = {http://dl.acm.org/citation.cfm?id=2029556.2029562},
  acmid     = {2029562},
  publisher = {Springer-Verlag},
  address   = {Berlin, Heidelberg},
  keywords  = {auto-encoder, invariance, shape representation},
}
@inproceedings{unsupervised_learning,
  author    = {Alec Radford and
               Luke Metz and
               Soumith Chintala},
  title     = {Unsupervised Representation Learning with Deep Convolutional Generative
               Adversarial Networks},
  booktitle = {4th International Conference on Learning Representations, {ICLR} 2016,
               San Juan, Puerto Rico, May 2-4, 2016, Conference Track Proceedings},
  year      = {2016},
  crossref  = {DBLP:conf/iclr/2016},
  url       = {http://arxiv.org/abs/1511.06434},
  timestamp = {Thu, 25 Jul 2019 14:25:38 +0200},
  biburl    = {https://dblp.org/rec/journals/corr/RadfordMC15.bib},
  bibsource = {dblp computer science bibliography, https://dblp.org}
}
@inproceedings{video_capsule,
  author    = {Duarte, Kevin and Rawat, Yogesh S and Shah, Mubarak},
  title     = {VideoCapsuleNet: A Simplified Network for Action Detection},
  year      = {2018},
  publisher = {Curran Associates Inc.},
  address   = {Red Hook, NY, USA},
  booktitle = {Proceedings of the 32nd International Conference on Neural Information Processing Systems},
  pages     = {7621–7630},
  numpages  = {10},
  location  = {Montr\'{e}al, Canada},
  series    = {NIPS’18}
}

@unpublished{comparing_simulations,
  author    = {Lorenzo Zanisi,
               Marc Huertas-Company,
               Francois Lanusse,
               Connor Bottrell,
               Joel Primack},
  title     = {Comparing simulations and observations with deep generative
models},
  month     = sep,
  year      = {2019},
  journal   = {MNRAS},
  note      = {Preprint on webpage at \url{https://kspa.soe.ucsc.edu/sites/default/files/Zanisi.pdf}}
}
@unpublished{semantic_photo,
  author    = {David Bau,
               Hendrik Strobelt,
               William Peebles,
               Jonas Wulff,
               Bolei Zhou,
               Jun-Yan Zhu,
               Antonio Torralba},
  title     = {Semantic Photo Manipulation with a Generative Image Prior},
  year      = {2019},
  journal   = {ACM Trans. Graph.},
  note      = {Preprint on webpage at \url{http://ganpaint.io/Bau_et_al_Semantic_Photo_Manipulation_preprint.pdf}}
}