@article{attention_caption,
  author    = {Jonghwan Mun and
               Minsu Cho and
               Bohyung Han},
  title     = {Text-guided Attention Model for Image Captioning},
  journal   = {CoRR},
  volume    = {abs/1612.03557},
  year      = {2016},
  url       = {http://arxiv.org/abs/1612.03557},
  archivePrefix = {arXiv},
  eprint    = {1612.03557},
  timestamp = {Mon, 13 Aug 2018 16:46:33 +0200},
  biburl    = {https://dblp.org/rec/bib/journals/corr/MunCH16},
  bibsource = {dblp computer science bibliography, https://dblp.org}
}
@article{cgan,
  title     = {An Introduction to Image Synthesis with Generative Adversarial 
  Nets},
  author    = {He Huang and Philip S. Yu and Changhu Wang},
  journal   = {ArXiv},
  year      = {2018},
  volume    = {abs/1803.04469}
}
@article{dcgan,
  author    = {Alec Radford and Luke Metz and Soumith Chintala},
  title     = {Unsupervised Representation Learning with Deep Convolutional Generative Adversarial Networks},
  journal   = {ICLR},
  year      = {2016},
  url       = {https://arxiv.org/abs/1511.06434},
  archivePrefix = {arXiv}
}
@article{generative_transformers,
  author    = {Rewon Child and
Scott Gray and
Alec Radford and
Ilya Sutskever},
  title     = {Generating Long Sequences with Sparse Transformers},
  journal   = {CoRR},
  volume    = {abs/1904.10509},
  year      = {2019},
  url       = {http://arxiv.org/abs/1904.10509},
  archivePrefix = {arXiv},
  eprint    = {1904.10509},
  timestamp = {Thu, 02 May 2019 15:13:44 +0200},
  biburl    = {https://dblp.org/rec/bib/journals/corr/abs-1904-10509},
  bibsource = {dblp computer science bibliography, https://dblp.org}
}
@article{mirrorgan,
  author    = {Tingting Qiao and
               Jing Zhang and
               Duanqing Xu and
               Dacheng Tao},
  title     = {MirrorGAN: Learning Text-to-image Generation by Redescription},
  journal   = {CoRR},
  volume    = {abs/1903.05854},
  year      = {2019},
  url       = {http://arxiv.org/abs/1903.05854},
  archivePrefix = {arXiv},
  eprint    = {1903.05854},
  timestamp = {Wed, 05 Feb 2020 15:10:45 +0100},
  biburl    = {https://dblp.org/rec/journals/corr/abs-1903-05854.bib},
  bibsource = {dblp computer science bibliography, https://dblp.org}
}
@article{msggan,
  title     = {MSG-GAN: Multi-Scale Gradient GAN for Stable Image Synthesis},
  author    = {Karnewar, Animesh and Wang, Oliver and Iyengar, Raghu Sesha},
  journal   = {arXiv preprint arXiv:1903.06048},
  year      = {2019}
}
@article{multiscale_video,
  title     = {Deep multi-scale video prediction beyond mean square error},
  author    = {Michael Mathieu and Camille Couprie and Yann LeCun},
  journal   = {CoRR},
  year      = {2015},
  volume    = {abs/1511.05440}
}
@article{objgan,
  author    = {Wenbo Li and
Pengchuan Zhang and
Lei Zhang and
Qiuyuan Huang and
Xiaodong He and
Siwei Lyu and
Jianfeng Gao},
  title     = {Object-driven Text-to-Image Synthesis via Adversarial Training},
  journal   = {CoRR},
  volume    = {abs/1902.10740},
  year      = {2019},
  url       = {http://arxiv.org/abs/1902.10740},
  archivePrefix = {arXiv},
  eprint    = {1902.10740},
  timestamp = {Tue, 21 May 2019 18:03:36 +0200},
  biburl    = {https://dblp.org/rec/journals/corr/abs-1902-10740.bib},
  bibsource = {dblp computer science bibliography, https://dblp.org}
}
@article{texture_synthesis,
  author    = {Zhou, Yang and Zhu, Zhen and Bai, Xiang and Lischinski, Dani and 
  Cohen-Or, Daniel and Huang, Hui},
  title     = {Non-Stationary Texture Synthesis by Adversarial Expansion},
  year      = {2018},
  issue_date = {August 2018},
  publisher = {Association for Computing Machinery},
  address   = {New York, NY, USA},
  volume    = {37},
  number    = {4},
  issn      = {0730-0301},
  url       = {https://doi.org/10.1145/3197517.3201285},
  doi       = {10.1145/3197517.3201285},
  journal   = {ACM Trans. Graph.},
  month     = jul,
  articleno = {Article 49},
  numpages  = {13},
  keywords  = {example-based texture synthesis, generative adversarial 
  networks, non-stationary textures}
}
@article{super_resolution,
  author    = {J. {Yang} and J. {Wright} and T. S. {Huang} and Y. {Ma}},
  journal   = {IEEE Transactions on Image Processing},
  title     = {Image Super-Resolution Via Sparse Representation},
  year      = {2010},
  volume    = {19},
  number    = {11},
  pages     = {2861-2873},
  doi       = {10.1109/TIP.2010.2050625},
  ISSN      = {},
  month     = {Nov}
}
@article{unsupervised_learning,
  author    = {Alec Radford and Luke Metz and Soumith Chintala},
  title     = {Unsupervised Representation Learning with Deep Convolutional 
  Generative Adversarial Networks},
  journal   = {ICLR},
  year      = {2016},
  url       = {https://arxiv.org/abs/1511.06434},
  archivePrefix = {arXiv},
}
@article{varigan,
  author    = {Bo Zhao and
               Xiao Wu and
               Zhi{-}Qi Cheng and
               Hao Liu and
               Jiashi Feng},
  title     = {Multi-View Image Generation from a Single-View},
  journal   = {CoRR},
  volume    = {abs/1704.04886},
  year      = {2017},
  url       = {http://arxiv.org/abs/1704.04886},
  archivePrefix = {arXiv},
  eprint    = {1704.04886},
  timestamp = {Mon, 13 Aug 2018 16:47:29 +0200},
  biburl    = {https://dblp.org/rec/bib/journals/corr/ZhaoWCLF17},
  bibsource = {dblp computer science bibliography, https://dblp.org}
}

@incollection{attention_need,
  title     = {Attention is All you Need},
  author    = {Vaswani, Ashish and Shazeer, Noam and Parmar, Niki and 
  Uszkoreit, Jakob and Jones, Llion and Gomez, Aidan N and Kaiser, \L ukasz and 
  Polosukhin, Illia},
  booktitle = {Advances in Neural Information Processing Systems 30},
  editor    = {I. Guyon and U. V. Luxburg and S. Bengio and H. Wallach and R. 
  Fergus and S. Vishwanathan and R. Garnett},
  pages     = {5998--6008},
  year      = {2017},
  publisher = {Curran Associates, Inc.},
  url       = {http://papers.nips.cc/paper/7181-attention-is-all-you-need.pdf}
}
@incollection{leica,
	title   = {Learn, Imagine and Create: Text-to-Image Generation from Prior Knowledge},
	author  = {Qiao, Tingting and Zhang, Jing and Xu, Duanqing and Tao, Dacheng},
	booktitle = {Advances in Neural Information Processing Systems 32},
	editor  = {H. Wallach and H. Larochelle and A. Beygelzimer and F. 
	d'Alche-Buc and E. Fox and R. Garnett},
	pages   = {887--897},
	year    = {2019},
	publisher = {Curran Associates, Inc.},
	url     = {http://papers.nips.cc/paper/8375-learn-imagine-and-create-text-to-image-generation-from-prior-knowledge.pdf}
}

@inproceedings{attngan,
  author    = {Xu, Tao and Zhang, Pengchuan and Huang, Qiuyuan and Zhang, Han 
  and 
  Gan, Zhe and Huang, Xiaolei and He, Xiaodong},
  title     = {AttnGAN: Fine-Grained Text to Image Generation with Attentional 
  Generative Adversarial Networks},
  booktitle = {CVPR 2018},
  year      = {2018},
  month     = {January},
  url       = 
  {https://www.microsoft.com/en-us/research/publication/attngan-fine-grained-text-to-image-generation-with-attentional-generative-adversarial-networks/}
}
@inproceedings{deep_visual_descriptions, 	
  title     = {Learning Deep Representations of Fine-Grained Visual 
  Descriptions},
  booktitle = {IEEE Computer Vision and Pattern Recognition},
  year      = {2016},
  author    = {Scott Reed and Zeynep Akata and Bernt Schiele and Honglak Lee}
}
@inproceedings{gans,
  author    = {Goodfellow, Ian J. and Pouget-Abadie, Jean and Mirza, Mehdi 
and Xu, Bing and Warde-Farley, David and Ozair, Sherjil and Courville, 
Aaron and Bengio, Yoshua},
  title     = {Generative Adversarial Nets},
  booktitle = {Proceedings of the 27th International Conference on Neural 
Information Processing Systems - Volume 2},
  series    = {NIPS'14},
  year      = {2014},
  location  = {Montreal, Canada},
  pages     = {2672--2680},
  numpages  = {9},
  url       = {http://dl.acm.org/citation.cfm?id=2969033.2969125},
  acmid     = {2969125},
  publisher = {MIT Press},
  address   = {Cambridge, MA, USA}
}
@inproceedings{gan_text_to_image,
	author = {Reed, Scott and Akata, Zeynep and Yan, Xinchen and Logeswaran, 
	Lajanugen and Schiele, Bernt and Lee, Honglak},
	title = {Generative Adversarial Text to Image Synthesis},
	year = {2016},
	publisher = {JMLR.org},
	booktitle = {Proceedings of the 33rd International Conference on 
	International Conference on Machine Learning - Volume 48},
	pages = {1060–1069},
	numpages = {10},
	location = {New York, NY, USA},
	series = {ICML’16}
}
@inproceedings{gmm,
  author    = {Richardson, Eitan and Weiss, Yair},
  title     = {On GANs and GMMs},
  booktitle = {Proceedings of the 32Nd International Conference on Neural 
Information Processing Systems},
  series    = {NIPS'18},
  year      = {2018},
  location  = {Montr\&\#233;al, Canada},
  pages     = {5852--5863},
  numpages  = {12},
  url       = {http://dl.acm.org/citation.cfm?id=3327345.3327486},
  acmid     = {3327486},
  publisher = {Curran Associates Inc.},
  address   = {USA},
}
@inproceedings{image_transformer,
  title     = {Image Transformer},
  author    = {Niki Parmar and Ashish Vaswani and Jakob Uszkoreit and Lukasz 
  Kaiser and Noam Shazeer and Alexander Ku and Dustin Tran},
  booktitle = {ICML},
  year      = {2018}
}
@inproceedings{pixel_subscale,
  title     = {Generating High Fidelity Images with Subscale Pixel Networks and 
  Multidimensional Upscaling},
  author    = {Jacob Menick and Nal Kalchbrenner},
  booktitle = {International Conference on Learning Representations},
  year      = {2019},
  url       = {https://openreview.net/forum?id=HylzTiC5Km},
}
@inproceedings{srgan,
  author    = {Ledig, Christian and Theis, Lucas and Huszar, Ferenc and 
  Caballero, Jose and Cunningham, Andrew and Acosta, Alejandro and Aitken, 
  Andrew and Tejani, Alykhan and Totz, Johannes and Wang, Zehan and Shi, 
  Wenzhe},
  journal   = {CVPR},
  year      = {2017},
  month     = {07},
  pages     = {105-114},
  title     = {Photo-Realistic Single Image Super-Resolution Using a Generative 
  Adversarial Network},
  doi       = {10.1109/CVPR.2017.19}
}
@inproceedings{text_captioning,
  title     = {Text-guided Attention Model for Image Captioning},
  author    = {Mun, Jonghwan and Cho, Minsu and Han, Bohyung},
  booktitle = {AAAI},
  year      = {2017}
}
@inproceedings{visual_genome,
  title={Visual Genome: Connecting Language and Vision Using Crowdsourced Dense 
  Image Annotations},
  author={Krishna, Ranjay and Zhu, Yuke and Groth, Oliver and Johnson, Justin 
  and Hata, Kenji and Kravitz, Joshua and Chen, Stephanie and Kalantidis, 
  Yannis and Li, Li-Jia and Shamma, David A and Bernstein, Michael and Fei-Fei, 
  Li},
  year = {2016},
  url = {https://arxiv.org/abs/1602.07332},
}

@misc{stackgan++,
  title     = {StackGAN++: Realistic Image Synthesis with Stacked Generative 
  Adversarial Networks},
  author    = {Han Zhang and Tao Xu and Hongsheng Li and Shaoting Zhang and 
  Xiaogang Wang and Xiaolei Huang and Dimitris Metaxas},
  year      = {2017},
  eprint    = {1710.10916},
  archivePrefix = {arXiv},
  primaryClass = {cs.CV}
}

@techreport{cubs,
  title = {{The Caltech-UCSD Birds-200-2011 Dataset}},
  author = {Wah, C. and Branson, S. and Welinder, P. and Perona, P. and 
  Belongie, S.},
  year = {2011}
  institution = {California Institute of Technology},
  number = {CNS-TR-2011-001}
}