@article{attention_caption,
  author    = {Jonghwan Mun and
               Minsu Cho and
               Bohyung Han},
  title     = {Text-guided Attention Model for Image Captioning},
  journal   = {CoRR},
  volume    = {abs/1612.03557},
  year      = {2016},
  url       = {http://arxiv.org/abs/1612.03557},
  archivePrefix = {arXiv},
  eprint    = {1612.03557},
  timestamp = {Mon, 13 Aug 2018 16:46:33 +0200},
  biburl    = {https://dblp.org/rec/bib/journals/corr/MunCH16},
  bibsource = {dblp computer science bibliography, https://dblp.org}
}
@article{cgan,
  title     = {An Introduction to Image Synthesis with Generative Adversarial 
  Nets},
  author    = {He Huang and Philip S. Yu and Changhu Wang},
  journal   = {ArXiv},
  year      = {2018},
  volume    = {abs/1803.04469}
}
@article{dcgan,
  author    = {Alec Radford and Luke Metz and Soumith Chintala},
  title     = {Unsupervised Representation Learning with Deep Convolutional Generative Adversarial Networks},
  journal   = {ICLR},
  year      = {2016},
  url       = {https://arxiv.org/abs/1511.06434},
  archivePrefix = {arXiv},
}
@article{generative_transformers,
	author    = {Rewon Child and
	Scott Gray and
	Alec Radford and
	Ilya Sutskever},
	title     = {Generating Long Sequences with Sparse Transformers},
	journal   = {CoRR},
	volume    = {abs/1904.10509},
	year      = {2019},
	url       = {http://arxiv.org/abs/1904.10509},
	archivePrefix = {arXiv},
	eprint    = {1904.10509},
	timestamp = {Thu, 02 May 2019 15:13:44 +0200},
	biburl    = {https://dblp.org/rec/bib/journals/corr/abs-1904-10509},
	bibsource = {dblp computer science bibliography, https://dblp.org}
}
@article{msggan,
	title   = {MSG-GAN: Multi-Scale Gradient GAN for Stable Image Synthesis},
	author  = {Karnewar, Animesh and Wang, Oliver and Iyengar, Raghu Sesha},
	journal = {arXiv preprint arXiv:1903.06048},
	year    = {2019}
}
@article{varigan,
  author    = {Bo Zhao and
               Xiao Wu and
               Zhi{-}Qi Cheng and
               Hao Liu and
               Jiashi Feng},
  title     = {Multi-View Image Generation from a Single-View},
  journal   = {CoRR},
  volume    = {abs/1704.04886},
  year      = {2017},
  url       = {http://arxiv.org/abs/1704.04886},
  archivePrefix = {arXiv},
  eprint    = {1704.04886},
  timestamp = {Mon, 13 Aug 2018 16:47:29 +0200},
  biburl    = {https://dblp.org/rec/bib/journals/corr/ZhaoWCLF17},
  bibsource = {dblp computer science bibliography, https://dblp.org}
}
@article{super_resolution,
  author    = {J. {Yang} and J. {Wright} and T. S. {Huang} and Y. {Ma}},
  journal   = {IEEE Transactions on Image Processing},
  title     = {Image Super-Resolution Via Sparse Representation},
  year      = {2010},
  volume    = {19},
  number    = {11},
  pages     = {2861-2873},
  doi       = {10.1109/TIP.2010.2050625},
  ISSN      = {},
  month     = {Nov},
}

@incollection{attention_need,
  title     = {Attention is All you Need},
  author    = {Vaswani, Ashish and Shazeer, Noam and Parmar, Niki and 
  Uszkoreit, Jakob and Jones, Llion and Gomez, Aidan N and Kaiser, \L ukasz and 
  Polosukhin, Illia},
  booktitle = {Advances in Neural Information Processing Systems 30},
  editor    = {I. Guyon and U. V. Luxburg and S. Bengio and H. Wallach and R. 
  Fergus and S. Vishwanathan and R. Garnett},
  pages     = {5998--6008},
  year      = {2017},
  publisher = {Curran Associates, Inc.},
  url       = {http://papers.nips.cc/paper/7181-attention-is-all-you-need.pdf}
}
@incollection{leica,
	title   = {Learn, Imagine and Create: Text-to-Image Generation from Prior Knowledge},
	author  = {Qiao, Tingting and Zhang, Jing and Xu, Duanqing and Tao, Dacheng},
	booktitle = {Advances in Neural Information Processing Systems 32},
	editor  = {H. Wallach and H. Larochelle and A. Beygelzimer and F. d\textquotesingle Alche-Buc and E. Fox and R. Garnett},
	pages   = {887--897},
	year    = {2019},
	publisher = {Curran Associates, Inc.},
	url     = {http://papers.nips.cc/paper/8375-learn-imagine-and-create-text-to-image-generation-from-prior-knowledge.pdf}
}

@inproceedings{attngan,
  author    = {Xu, Tao and Zhang, Pengchuan and Huang, Qiuyuan and Zhang, Han 
  and 
  Gan, Zhe and Huang, Xiaolei and He, Xiaodong},
  title     = {AttnGAN: Fine-Grained Text to Image Generation with Attentional 
  Generative Adversarial Networks},
  booktitle = {CVPR 2018},
  year      = {2018},
  month     = {January},
  url       = 
  {https://www.microsoft.com/en-us/research/publication/attngan-fine-grained-text-to-image-generation-with-attentional-generative-adversarial-networks/}
}
@inproceedings{deep_visual_descriptions, 	
  title     = {Learning Deep Representations of Fine-Grained Visual 
  Descriptions},
  booktitle = {IEEE Computer Vision and Pattern Recognition},
  year      = {2016},
  author    = {Scott Reed and Zeynep Akata and Bernt Schiele and Honglak Lee}
}
@inproceedings{gan_text_to_image,
  title     = {Generative Adversarial Text-to-Image Synthesis},
  author    = {Scott Reed and Zeynep Akata and Xinchen Yan and Lajanugen Logeswaran and Bernt Schiele and Honglak Lee},
  booktitle = {Proceedings of The 33rd International Conference on Machine Learning},
  year      = {2016}
}
@inproceedings{gmm,
  author    = {Richardson, Eitan and Weiss, Yair},
  title     = {On GANs and GMMs},
  booktitle = {Proceedings of the 32Nd International Conference on Neural 
Information Processing Systems},
  series    = {NIPS'18},
  year      = {2018},
  location  = {Montr\&\#233;al, Canada},
  pages     = {5852--5863},
  numpages  = {12},
  url       = {http://dl.acm.org/citation.cfm?id=3327345.3327486},
  acmid     = {3327486},
  publisher = {Curran Associates Inc.},
  address   = {USA},
}

@misc{stackgan++,
    title   = {StackGAN++: Realistic Image Synthesis with Stacked Generative Adversarial Networks},
    author  = {Han Zhang and Tao Xu and Hongsheng Li and Shaoting Zhang and Xiaogang Wang and Xiaolei Huang and Dimitris Metaxas},
    year    = {2017},
    eprint  = {1710.10916},
    archivePrefix = {arXiv},
    primaryClass = {cs.CV}
}