@article{cgan,
  title     = {An Introduction to Image Synthesis with Generative Adversarial Nets},
  author    = {He Huang and Philip S. Yu and Changhu Wang},
  journal   = {ArXiv},
  year      = {2018},
  volume    = {abs/1803.04469}
}
@article{generative_transformers,
  author    = {Rewon Child and
               Scott Gray and
               Alec Radford and
               Ilya Sutskever},
  title     = {Generating Long Sequences with Sparse Transformers},
  journal   = {CoRR},
  volume    = {abs/1904.10509},
  year      = {2019},
  url       = {http://arxiv.org/abs/1904.10509},
  archivePrefix = {arXiv},
  eprint    = {1904.10509},
  timestamp = {Thu, 02 May 2019 15:13:44 +0200},
  biburl    = {https://dblp.org/rec/bib/journals/corr/abs-1904-10509},
  bibsource = {dblp computer science bibliography, https://dblp.org}
}
@article{overview,
  author    = {Hong, Yongjun and Hwang, Uiwon and Yoo, Jaeyoon and Yoon, Sungroh},
  title     = {How Generative Adversarial Networks and Their Variants Work: An Overview},
  journal   = {ACM Comput. Surv.},
  issue_date = {February 2019},
  volume    = {52},
  number    = {1},
  month     = feb,
  year      = {2019},
  issn      = {0360-0300},
  pages     = {10:1--10:43},
  articleno = {10},
  numpages  = {43},
  url       = {http://doi.acm.org/10.1145/3301282},
  doi       = {10.1145/3301282},
  acmid     = {3301282},
  publisher = {ACM},
  address   = {New York, NY, USA},
  keywords  = {Generative adversarial networks, domain adaptation, integral probability metric, mode collapse, semi-supervised learning, variational auto-encoder},
}
@article{unsupervised_learning,
  author    = {Alec Radford and Luke Metz and Soumith Chintala},
  title     = {Unsupervised Representation Learning with Deep Convolutional Generative Adversarial Networks},
  journal   = {ICLR},
  year      = {2016},
  url       = {https://arxiv.org/abs/1511.06434},
  archivePrefix = {arXiv},
}
@article{super_resolution,
  author    = {J. {Yang} and J. {Wright} and T. S. {Huang} and Y. {Ma}},
  journal   = {IEEE Transactions on Image Processing},
  title     = {Image Super-Resolution Via Sparse Representation},
  year      = {2010},
  volume    = {19},
  number    = {11},
  pages     = {2861-2873},
  doi       = {10.1109/TIP.2010.2050625},
  ISSN      = {},
  month     = {Nov},
}

@book{image_analysis,
 author = {Serra, Jean},
 title = {Image Analysis and Mathematical Morphology},
 year = {1983},
 isbn = {0126372403},
 publisher = {Academic Press, Inc.},
 address = {Orlando, FL, USA},
}
@book{graphics,
  author    = {Foley, James D. and van Dam, Andries and Feiner, Steven K. and Hughes, John F.},
  title     = {Computer Graphics: Principles and Practice (3rd Ed.)},
  year      = {2013},
  isbn      = {0-201-12110-7},
  publisher = {Addison-Wesley Longman Publishing Co., Inc.},
  address   = {Boston, MA, USA},
} 

@incollection{attention_need,
  title     = {Attention is All you Need},
  author    = {Vaswani, Ashish and Shazeer, Noam and Parmar, Niki and Uszkoreit, Jakob and Jones, Llion and Gomez, Aidan N and Kaiser, \L ukasz and Polosukhin, Illia},
  booktitle = {Advances in Neural Information Processing Systems 30},
  editor    = {I. Guyon and U. V. Luxburg and S. Bengio and H. Wallach and R. Fergus and S. Vishwanathan and R. Garnett},
  pages     = {5998--6008},
  year      = {2017},
  publisher = {Curran Associates, Inc.},
  url       = {http://papers.nips.cc/paper/7181-attention-is-all-you-need.pdf}
}

@inproceedings{generative_adversarial_networks,
  author    = {Goodfellow, Ian J. and Pouget-Abadie, Jean and Mirza, Mehdi and Xu, Bing and Warde-Farley, David and Ozair, Sherjil and Courville, Aaron and Bengio, Yoshua},
  title     = {Generative Adversarial Nets},
  booktitle = {Proceedings of the 27th International Conference on Neural Information Processing Systems - Volume 2},
  series    = {NIPS'14},
  year      = {2014},
  location  = {Montreal, Canada},
  pages     = {2672--2680},
  numpages  = {9},
  url       = {http://dl.acm.org/citation.cfm?id=2969033.2969125},
  acmid     = {2969125},
  publisher = {MIT Press},
  address   = {Cambridge, MA, USA},
}
@inproceedings{google,
  author={R. {Dahl} and M. {Norouzi} and J. {Shlens}},
  booktitle={2017 IEEE International Conference on Computer Vision (ICCV)},
  title={Pixel Recursive Super Resolution},
  year={2017},
  volume={},
  number={},
  pages={5449-5458},
  doi={10.1109/ICCV.2017.581},
  ISSN={2380-7504},
  month={Oct},
}
@inproceedings{gmm,
  author    = {Richardson, Eitan and Weiss, Yair},
  title     = {On GANs and GMMs},
  booktitle = {Proceedings of the 32Nd International Conference on Neural Information Processing Systems},
  series    = {NIPS'18},
  year      = {2018},
  location  = {Montr\&\#233;al, Canada},
  pages     = {5852--5863},
  numpages  = {12},
  url       = {http://dl.acm.org/citation.cfm?id=3327345.3327486},
  acmid     = {3327486},
  publisher = {Curran Associates Inc.},
  address   = {USA},
}
@inproceedings{pixel_subscale,
  title     = {Generating High Fidelity Images with Subscale Pixel Networks and Multidimensional Upscaling},
  author    = {Jacob Menick and Nal Kalchbrenner},
  booktitle = {International Conference on Learning Representations},
  year      = {2019},
  url       = {https://openreview.net/forum?id=HylzTiC5Km},
}
@inproceedings{pose_guided_image_generation,
  author    = {Ma, Liqian and Jia, Xu and Sun, Qianru and Schiele, Bernt and Tuytelaars, Tinne and Van Gool, Luc},
  title     = {Pose Guided Person Image Generation},
  booktitle = {Proceedings of the 31st International Conference on Neural Information Processing Systems},
  series    = {NIPS'17},
  year      = {2017},
  isbn      = {978-1-5108-6096-4},
  location  = {Long Beach, California, USA},
  pages     = {405--415},
  numpages  = {11},
  url       = {http://dl.acm.org/citation.cfm?id=3294771.3294810},
  acmid     = {3294810},
  publisher = {Curran Associates Inc.},
  address   = {USA},
}
@inproceedings{srgan,
  author    = {Ledig, Christian and Theis, Lucas and Huszar, Ferenc and Caballero, Jose and Cunningham, Andrew and Acosta, Alejandro and Aitken, Andrew and Tejani, Alykhan and Totz, Johannes and Wang, Zehan and Shi, Wenzhe},
  journal   = {CVPR},
  year      = {2017},
  month     = {07},
  pages     = {105-114},
  title     = {Photo-Realistic Single Image Super-Resolution Using a Generative Adversarial Network},
  doi       = {10.1109/CVPR.2017.19}
}
@inproceedings{voronoi,
  editor    = {Hamid R. Arabnia},
  author    = {Martinez, Alondra and Martinez, Jennifer and Perez-Roses, Hebert and Quiros, Ricardo}
  title     = {Proceedings of the 2007 International Conference on Image Processing,
               Computer Vision, {\&} Pattern Recognition, {IPCV} 2007, June 25-28,
               2007, Las Vegas Nevada, {USA}},
  publisher = {{CSREA} Press},
  year      = {2007},
  isbn      = {1-60132-043-4},
  timestamp = {Fri, 04 Jan 2008 10:42:23 +0100},
  biburl    = {https://dblp.org/rec/bib/conf/ipcv/2007},
  bibsource = {dblp computer science bibliography, https://dblp.org}
}

@misc{animation,
  title     = {CS5800 Demo 1},
  author    = {Mark Wesley Harris},
  year      = {2019},
  journal   = {YouTube},
  howpublished = {\url{https://www.youtube.com/watch?v=UmGhuq\_Zpr4}},
}
